@misc{bis2022,
  author       = {{Bank for International Settlements (BIS)}},
  title        = {Triennial Central Bank Survey: Foreign Exchange Turnover in April 2022},
  year         = {2022}
}

@book{zukowski2014,
  author       = {Żukowski, Piotr},
  title        = {Rynek walutowy jako przykład rynku wirtualnego},
  year         = {2014}
}

@book{melvin2013,
  author       = {Melvin, Michael},
  title        = {International Money and Finance},
  edition      = {8},
  year         = {2013}
}

@book{mishkin2018,
  author       = {Mishkin, Frederic S. and Eakins, Stanley G.},
  title        = {Financial Markets and Institutions},
  edition      = {9},
  year         = {2018}
}

@book{hull2018,
  author       = {Hull, John C.},
  title        = {Options, Futures, and Other Derivatives},
  edition      = {9},
  year         = {2018}
}

@book{furman2016,
  author       = {Furman, Łukasz and Hańczyk, Andrzej},
  title        = {Aspekty funkcjonowania rynku FOREX w Polsce},
  year         = {2016}
}

@book{madura2018,
  author       = {Madura, Jeff},
  title        = {International Financial Management},
  edition      = {13},
  year         = {2018}
}

@misc{esma2018,
  author       = {{European Securities and Markets Authority}},
  title        = {Product Intervention Measures on CFDs and Binary Options},
  year         = {2018}
}

@techreport{chaboud2023,
  author       = {Chaboud, Alain},
  title        = {The Foreign Exchange Market},
  year         = {2023}
}

@thesis{do2021b,
  author       = {Do, Tuan Nguyen},
  title        = {Developing an Algorithmic Trading Bot},
  type         = {Bachelor's Thesis},
  institution  = {Oulu University},
  year         = {2021}
}

@book{keynes1936,
  author    = {Keynes, John Maynard},
  title     = {The General Theory of Employment, Interest and Money},
  year      = {1936}
}

@book{shleifer2000,
  author    = {Shleifer, Andrei},
  title     = {Inefficient Markets: An Introduction to Behavioral Finance},
  year      = {2000}
}

@book{box2016,
  author    = {Box, George E. P. and Jenkins, Gwilym M. and Reinsel, Gregory C. and Ljung, Greta M.},
  title     = {Time Series Analysis: Forecasting and Control},
  edition   = {5},
  year      = {2016}
}

@book{murphy1999,
  author    = {Murphy, John J.},
  title     = {Technical Analysis of the Financial Markets},
  year      = {1999}
}

@book{elder2014,
  author    = {Elder, Alexander},
  title     = {Come into My Trading Room: A Complete Guide to Trading},
  year      = {2014}
}

@book{fabozzi2015,
  author    = {Fabozzi, Frank J.},
  title     = {Handbook of Finance},
  year      = {2015}
}

@book{mishkin2019,
  author    = {Mishkin, Frederic S.},
  title     = {The Economics of Money, Banking, and Financial Markets},
  edition   = {12},
  year      = {2019}
}

@book{pilbeam2013,
  author    = {Pilbeam, Keith},
  title     = {International Finance},
  edition   = {4},
  year      = {2013}
}

@book{halls2015,
  author    = {Halls-Moore, Michael},
  title     = {Successful Algorithmic Trading},
  year      = {2015}
}

@thesis{do2021a,
  author    = {Tri Nam Do},
  title     = {Design and Implementation of an Autonomous Algorithmic Trading System},
  school    = {Hochschule für Technik und Wirtschaft Berlin},
  year      = {2021}
}

@article{petro2017,
  author    = {Petropoulos, Anastasios and others},
  title     = {Ensemble Learning Methods for Algorithmic Forex Trading},
  journal   = {Expert Systems with Applications},
  year      = {2017}
}

@article{zexin2021,
  author    = {Hu, Zexin and Zhao, Yifan and Khushi, Muhammad},
  title     = {A Survey of Forex and Stock Price Prediction Using Deep Learning},
  journal   = {Applied System Innovation},
  year      = {2021}
}

@article{sezer2018,
  author    = {Sezer, Omer Berat and Gudelek, Mehmet Umit and Ozbayoglu, Ahmet Murat},
  title     = {Algorithmic Financial Trading with Deep Convolutional Neural Networks: Time Series to Image Conversion Approach},
  journal   = {Applied Soft Computing},
  year      = {2018}
}

@article{theate2021,
  author    = {Theate, Thibaut and Ernst, Damien},
  title     = {An Application of Deep Reinforcement Learning to Algorithmic Trading},
  journal   = {Expert Systems with Applications},
  year      = {2021}
}

@article{fong2012,
  author    = {Fong, Simon and Si, Yi and Biuk-Aghai, Robert P.},
  title     = {Applying Adaptive Algorithmic Trading Strategies Using Trend Following Models},
  journal   = {Expert Systems with Applications},
  year      = {2012}
}

@article{ashwini2024,
  author    = {Ashwini, M. and others},
  title     = {Sentiment Analysis in Financial Markets: Comparative Study of Machine and Deep Learning Models},
  journal   = {Journal of Computational Finance and Analytics},
  year      = {2024},
}

@article{bollen2011,
  author    = {Bollen, Johan and Mao, Huina and Zeng, Xiaojun},
  title     = {Twitter Mood Predicts the Stock Market},
  journal   = {Journal of Computational Science},
  year      = {2011}
}

@article{hambly2023,
  author  = {Hambly, Ben and Xu, Renyuan and Yang, Huining},
  title   = {Recent advances in reinforcement learning in finance},
  journal = {Mathematical Finance},
  year    = {2023}
}

@article{zhang2019,
  author  = {Zhang, Zihao and Zohren, Stefan and Roberts, Stephen},
  title   = {DeepLOB: Deep Convolutional Neural Networks for Limit Order Books},
  journal = {IEEE Transactions on Signal Processing},
  year    = {2019}
}

@article{avramelou2024,
  author  = {Avramelou, Lydia and Plerou, Vasiliki and others},
  title   = {Deep reinforcement learning for financial trading using multi-modal embeddings},
  journal = {Expert Systems with Applications},
  year    = {2024}
}

@article{vancsura2025,
  author  = {Vancsura, L{\'a}szl{\'o} and Szab{\'o}, Mikl{\'o}s and N{\'e}meth, Zolt{\'a}n},
  title   = {Navigating AI-Driven Financial Forecasting: A Systematic Literature Review},
  journal = {Informatics},
  year    = {2025}
}

@article{krauss2017,
  author  = {Krauss, Christopher and Do, Xuan Anh and Huck, Nicolas},
  title   = {Deep neural networks, gradient-boosted trees, random forests: Statistical arbitrage on the S\&P 500},
  journal = {European Journal of Operational Research},
  year    = {2017}
}

@techreport{dou2025,
  author      = {Dou, Winston Wei and Goldstein, Itay and Ji, Yan},
  title       = {AI-Powered Trading, Algorithmic Collusion, and Price Efficiency},
  institution = {National Bureau of Economic Research},
  type        = {Working Paper},
  number      = {34054},
  year        = {2025}
}

@article{nasiopoulos2025,
  author  = {Nasiopoulos, Dimitrios K. and others},
  title   = {A Comparative Study of Fine-Tuned Deep Learning Models for Financial Sentiment Analysis},
  journal = {Informatics},
  year    = {2025}
}

@article{kang2025,
  author  = {Kang, Ji-Won and others},
  title   = {Comparative Investigation of GPT and FinBERT's Performance in Financial Sentiment Analysis},
  journal = {Electronics},
  year    = {2025}
}

@book{aldridge2013,
  author    = {Aldridge, Irene},
  title     = {High-Frequency Trading: A Practical Guide to Algorithmic Strategies and Trading Systems},
  edition   = {2},
  year      = {2013}
}

@techreport{nbp2022,
  author       = {{Narodowy Bank Polski}},
  title        = {Wyniki badania rynku walutowego i rynku pozagiełdowych instrumentów pochodnych w Polsce w 2022 roku},
  institution  = {Narodowy Bank Polski},
  year         = {2022}
}

@techreport{knf2023,
  author       = {{Komisja Nadzoru Finansowego}},
  title        = {Raport o rynku Forex w Polsce 2023},
  institution  = {Komisja Nadzoru Finansowego},
  year         = {2023}
}

@book{tobin1978,
  author    = {James Tobin},
  title     = {A Proposal for International Monetary Reform},
  year      = {1978}
}

@article{fama1970,
  author    = {Eugene F. Fama},
  title     = {Efficient Capital Markets: A Review of Theory and Empirical Work},
  journal   = {The Journal of Finance},
  year      = {1970}
}

@book{lyons2001,
  author    = {Richard K. Lyons},
  title     = {The Microstructure Approach to Exchange Rates},
  publisher = {MIT Press},
  year      = {2001}
}

@book{shefrin2007,
  author    = {Hersh Shefrin},
  title     = {Beyond Greed and Fear: Understanding Behavioral Finance and the Psychology of Investing},
  year      = {2007}
}

@book{kahneman2011,
  author    = {Daniel Kahneman},
  title     = {Thinking, Fast and Slow},
  year      = {2011}
}

@article{barberis2003,
  author    = {Nicholas Barberis and Richard Thaler},
  title     = {A Survey of Behavioral Finance},
  journal   = {Handbook of the Economics of Finance},
  year      = {2003}
}

@article{grinblatt2001,
  author    = {Mark Grinblatt and Matti Keloharju},
  title     = {What Makes Investors Trade?},
  journal   = {The Journal of Finance},
  year      = {2001},
}

@book{harris2003,
  author    = {Larry Harris},
  title     = {Trading and Exchanges: Market Microstructure for Practitioners},
  year      = {2003},
}